@inproceedings{Kim,
 author = {Kim, Jinyoung and Xue, Xiaobing and Croft, W. Bruce},
 title = {A Probabilistic Retrieval Model for Semistructured Data},
 booktitle = {Proceedings of the 31th European Conference on IR
Research on Advances in Information Retrieval},
 series = {ECIR '09},
 year = {2009},
 isbn = {978-3-642-00957-0},
 location = {Toulouse, France},
 pages = {228-239},
 numpages = {12},
 acmid = {1533749},
 publisher = {Springer-Verlag},
 address = {Berlin, Heidelberg},
}

@misc{Site1,
author={Jin Y. Kim},
title={How would you search for your favorite movie?},
howpublished={\url{http://lifidea.wordpress.com/2009/08/25/how-would-you-search-for-your-favorite-movie/}},
}

@misc{Site2,
author={The Lemur Project},
title={Indri Query Language Quick Reference},
howpublished={\url{http://lemurproject.org/lemur/IndriQueryLanguage.php}},
}

@misc{Site3,
author={galagosearch},
title={Galago Query Language},
howpublished={\url{http://code.google.com/p/galagosearch/wiki/GalagoQueryLanguage}},
}

@inproceedings{Ponte,
author = {Ponte, Jay M. and Croft, W. Bruce},
title = {A language modeling approach to information retrieval},
booktitle = {Proceedings of the 21st annual international ACM SIGIR conference on Research and development in information retrieval},
series = {SIGIR '98},
year = {1998},
isbn = {1-58113-015-5},
location = {Melbourne, Australia},
pages = {275--281},
numpages = {7},
url = {http://doi.acm.org/10.1145/290941.291008},
doi = {http://doi.acm.org/10.1145/290941.291008},
acmid = {291008},
publisher = {ACM},
address = {New York, NY, USA},
}

@article{Zhai,
 author = {Zhai, ChengXiang},
 title = {Statistical Language Models for Information Retrieval A
Critical Review},
 journal = {Found. Trends Inf. Retr.},
 volume = {2},
 issue = {3},
 month = {March},
 year = {2008},
 issn = {1554-0669},
 pages = {137--213},
 numpages = {77},
 url = {http://dl.acm.org/citation.cfm?id=1498838.1498839},
 doi = {10.1561/1500000008},
 acmid = {1498839},
 publisher = {Now Publishers Inc.},
 address = {Hanover, MA, USA},
 }
